@misc{foxes-diet,
  author={"https://www.woodlandtrust.org.uk/blog/2019/08/what-foxes-eat"}
}

@misc{colorado-model,
  title={https://math.colorado.edu/~stade/CLS/Section_3_5.pdf}
}
