# General statement about the cerebellum
@article{Horne1995TheRO,
  title={The role of the cerebello-thalamo-cortical pathway in skilled movement},
  author={Malcolm K. Horne and Ernest G. Butler},
  journal={Progress in Neurobiology},
  year={1995},
  volume={46},
  pages={199-213},
  url={https://api.semanticscholar.org/CorpusID:20886719}
}

@article{Gilman1985TheCA,
  title={The Cerebellum and Neural Control},
  author={Sid Gilman},
  journal={JAMA Neurology},
  year={1985},
  volume={42},
  pages={310-310},
  url={https://api.semanticscholar.org/CorpusID:143645614}
}

@article{Strick2009CerebellumAN,
  title={Cerebellum and nonmotor function.},
  author={Peter L. Strick and Richard P. Dum and Julie A. Fiez},
  journal={Annual review of neuroscience},
  year={2009},
  volume={32},
  pages={
          413-34
        },
  url={https://api.semanticscholar.org/CorpusID:1066141}
}
# Cerebellum and reward encoding
@article{Bostan2010TheBG,
  title={The basal ganglia communicate with the cerebellum},
  author={Andreea C. Bostan and Richard P. Dum and Peter L. Strick},
  journal={Proceedings of the National Academy of Sciences},
  year={2010},
  volume={107},
  pages={8452 - 8456},
  url={https://api.semanticscholar.org/CorpusID:19696797}
}

@article{Washburn2024TheCD,
  title={The cerebellum directly modulates the substantia nigra dopaminergic activity.},
  author={Samantha Washburn and Maritza O{\~n}ate and Junichi Yoshida and Jorge Vera and Ramakrishnan Bhuvanasundaram and Leila Khatami and Farzan Nadim and Kamran Khodakhah},
  journal={Nature neuroscience},
  year={2024},
  url={https://api.semanticscholar.org/CorpusID:267255559}
}

@article{Wagner2017CerebellarGC,
  title={Cerebellar granule cells encode the expectation of reward},
  author={Mark J. Wagner and Tony Hyun Kim and Joan Savall and Mark J. Schnitzer and Liqun Luo},
  journal={Nature},
  year={2017},
  volume={544},
  pages={96 - 100},
  url={https://api.semanticscholar.org/CorpusID:4450884}
}

@article{Ohmae2015ClimbingFE,
  title={Climbing fibers encode a temporal-difference prediction error during cerebellar learning in mice},
  author={Shogo Ohmae and Javier F. Medina},
  journal={Nature neuroscience},
  year={2015},
  volume={18},
  pages={1798 - 1803},
  url={https://api.semanticscholar.org/CorpusID:16613552}
}

# Cerebellum in other tasks
@article{Overwalle2014SocialCA,
  title={Social cognition and the cerebellum: A meta-analysis of over 350 fMRI studies},
  author={Frank Van Overwalle and Kris Baetens and Peter Mari{\"e}n and Marie Vandekerckhove},
  journal={NeuroImage},
  year={2014},
  volume={86},
  pages={554-572},
  url={https://api.semanticscholar.org/CorpusID:14657938}
}

@article{Schmahmann2006CognitionEA,
  title={Cognition, emotion and the cerebellum.},
  author={Jeremy D. Schmahmann and David N. Caplan},
  journal={Brain : a journal of neurology},
  year={2006},
  volume={129 Pt 2},
  pages={
          290-2
        },
  url={https://api.semanticscholar.org/CorpusID:46622431}
}


# Forward and inverse models
@article{Welniarz2021TheFM,
  title={The Forward Model: A Unifying Theory for the Role of the Cerebellum in Motor Control and Sense of Agency},
  author={Quentin Welniarz and Yulia Worbe and C{\'e}cile Gall{\'e}a},
  journal={Frontiers in Systems Neuroscience},
  year={2021},
  volume={15},
  url={https://api.semanticscholar.org/CorpusID:233236571}
}

# Random models
@article{DeSchepper2021ModelSU,
  title={Model simulations unveil the structure-function-dynamics relationship of the cerebellar cortical microcircuit},
  author={Robin De Schepper and Alice Geminiani and Stefano Masoli and Martina Francesca Rizza and Alberto Antonietti and Claudia Casellato and Egidio D’Angelo},
  journal={Communications Biology},
  year={2021},
  volume={5},
  url={https://api.semanticscholar.org/CorpusID:242060665}
}

@article{DAngelo2016ModelingTC,
  title={Modeling the Cerebellar Microcircuit: New Strategies for a Long-Standing Issue},
  author={Egidio D’Angelo and Alberto Antonietti and Stefano Casali and Claudia Casellato and Jes{\'u}s Alberto Garrido and Niceto R. Luque and Lisa Mapelli and Stefano Masoli and Alessandra Laura Giulia Pedrocchi and Francesca Prestori and Martina Francesca Rizza and Eduardo Ros},
  journal={Frontiers in Cellular Neuroscience},
  year={2016},
  volume={10},
  url={https://api.semanticscholar.org/CorpusID:11111911}
}

@article{Diedrichsen2019UniversalTO,
  title={[*] Universal Transform or Multiple Functionality? Understanding the Contribution of the Human Cerebellum across Task Domains},
  author={J{\"o}rn Diedrichsen and Maedbh King and Carlos R. Hernandez-Castillo and Martin I. Sereno and Richard B. Ivry},
  journal={Neuron},
  year={2019},
  volume={102},
  pages={918-928},
  url={https://api.semanticscholar.org/CorpusID:174804330}
}

@article{Houghton2021EditorialIP,
  title={[*] Editorial: Information Processing in the Cerebellum},
  author={Conor J. Houghton and Philippe Isope and Richard Apps and Nadia L. Cerminara},
  journal={Frontiers in Systems Neuroscience},
  year={2021},
  volume={15},
  url={https://api.semanticscholar.org/CorpusID:237538811}
}

@article{Calaim2022TheGO,
  title={The geometry of robustness in spiking neural networks},
  author={Nuno Calaim and Florian Alexander Dehmelt and Pedro J. Gonçalves and Christian K. Machens},
  journal={eLife},
  year={2022},
  volume={11},
  url={https://api.semanticscholar.org/CorpusID:249201035}
}

@article{Gonalves2019TrainingDN,
  title={Training deep neural density estimators to identify mechanistic models of neural dynamics},
  author={Pedro J. Gonçalves and Jan-Matthis Lueckmann and Michael Deistler and Marcel Nonnenmacher and Kaan {\"O}cal and Giacomo Bassetto and Chaitanya Chintaluri and William F. Podlaski and Sara A. Haddad and Tim P. Vogels and David S. Greenberg and Jakob H. Macke},
  journal={eLife},
  year={2019},
  volume={9},
  url={https://api.semanticscholar.org/CorpusID:209599722}
}

@inproceedings{Lueckmann2017FlexibleSI,
  title={Flexible statistical inference for mechanistic models of neural dynamics},
  author={Jan-Matthis Lueckmann and Pedro J. Gonçalves and Giacomo Bassetto and Kaan {\"O}cal and Marcel Nonnenmacher and Jakob H. Macke},
  booktitle={Neural Information Processing Systems},
  year={2017},
  url={https://api.semanticscholar.org/CorpusID:10075795}
}

@article{TejeroCantero2020sbiAT,
  title={sbi: A toolkit for simulation-based inference},
  author={{\'A}lvaro Tejero-Cantero and Jan Boelts and Michael Deistler and Jan-Matthis Lueckmann and Conor Durkan and Pedro J. Gonccalves and David S. Greenberg and Jakob H. Macke Computational Neuroengineering and Department of Electrical and Computer Engineering and Technical University of Munich and School of Informatics and University of Edinburgh and Neural Systems Analysis and Center of Advanced European Studies and Research and Bonn and Model-Driven Machine Learning and Centre for Materials and Coastal Research and Helmholtz-Zentrum Geesthacht and Machine Learning in Science and University of Tubingen and Empirical Inference and Max Planck Institute for the Physics of Complex Systems and Tubingen},
  journal={J. Open Source Softw.},
  year={2020},
  volume={5},
  pages={2505},
  url={https://api.semanticscholar.org/CorpusID:220686920}
}

@article{Deistler2024DifferentiableSE,
  title={Differentiable simulation enables large-scale training of detailed biophysical models of neural dynamics},
  author={Michael Deistler and Kyra L. Kadhim and Matthijs Pals and Jonas Beck and Ziwei Huang and Manuel Gloeckler and Janne K. Lappalainen and Cornelius Schr{\"o}der and Philipp Berens and Pedro J. Gonçalves and Jakob H. Macke},
  journal={bioRxiv},
  year={2024},
  url={https://api.semanticscholar.org/CorpusID:271946689}
}

@article{Jedlicka2022ParetoOE,
  title={Pareto optimality, economy–effectiveness trade-offs and ion channel degeneracy: improving population modelling for single neurons},
  author={Peter Jedlicka and Alexander D. Bird and Hermann Cuntz},
  journal={Open Biology},
  year={2022},
  volume={12},
  url={https://api.semanticscholar.org/CorpusID:250458934}
}

@article{Pellegrino2024DimensionalityRB,
  title={Dimensionality reduction beyond neural subspaces with slice tensor component analysis},
  author={Arthur Pellegrino and Heike Stein and N Alex Cayco-Gajic},
  journal={Nature Neuroscience},
  year={2024},
  volume={27},
  pages={1199 - 1210},
  url={https://api.semanticscholar.org/CorpusID:269613399}
}

@article{Cenedese2022DatadrivenMA,
  title={Data-driven modeling and prediction of non-linearizable dynamics via spectral submanifolds},
  author={Mattia Cenedese and Joar Ax{\aa}s and Bastian B{\"a}uerlein and Kerstin Avila and George Haller},
  journal={Nature Communications},
  year={2022},
  volume={13},
  url={https://api.semanticscholar.org/CorpusID:245906332}
}

@inproceedings{Bishop2012PatternRA,
  title={Pattern Recognition and Machine Learning},
  author={Christopher M. Bishop},
  year={2006},
  url={https://api.semanticscholar.org/CorpusID:60498145}
}

@article{Luo2022UnderstandingDM,
  title={Understanding Diffusion Models: A Unified Perspective},
  author={Calvin Luo},
  journal={ArXiv},
  year={2022},
  volume={abs/2208.11970},
  url={https://api.semanticscholar.org/CorpusID:251799923}
}

@article{Kumar2022PhysiologicalRO,
  title={Physiological Recordings of the Cerebellum in Movement Disorders},
  author={Ami Kumar and Chih-Chun Lin and Sheng-Han Kuo and Ming-Kai Pan},
  journal={Cerebellum (London, England)},
  year={2022},
  volume={22},
  pages={985 - 1001},
  url={https://api.semanticscholar.org/CorpusID:252110082}
}

@article{10.1242/dmm.049514,
    author = {Mayoral-Palarz, Kristin and Neves-Carvalho, Andreia and Duarte-Silva, Sara and Monteiro-Fernandes, Daniela and Maciel, PatrÃ­cia and Khodakhah, Kamran},
    title = {Cerebellar neuronal dysfunction accompanies early motor symptoms in spinocerebellar ataxia type 3},
    journal = {Disease Models \& Mechanisms},
    volume = {15},
    number = {8},
    pages = {dmm049514},
    year = {2022},
    month = {08},
    issn = {1754-8403},
    doi = {10.1242/dmm.049514},
    url = {https://doi.org/10.1242/dmm.049514},
    eprint = {https://journals.biologists.com/dmm/article-pdf/15/8/dmm049514/2156179/dmm049514.pdf},
}

@article{Ribar2020NeuromorphicCD,
  title={Neuromorphic Control: Designing Multiscale Mixed-Feedback Systems},
  author={Luka Ribar and Rodolphe Sepulchre},
  journal={IEEE Control Systems},
  year={2020},
  volume={41},
  pages={34-63},
  url={https://api.semanticscholar.org/CorpusID:226281979}
}
