@misc{workshop,
    url="https://workshops.inf.ed.ac.uk/neuraldynamics/"
}

@book{strogatz:1994,
  added-at = {2010-07-23T07:14:55.000+0200},
  author = {Strogatz, Steven H.},
  biburl = {https://www.bibsonomy.org/bibtex/2e3b3dc5a68df87d71becbe75709a7121/richterek},
  interhash = {097881c5ab43732a75182222236e72c7},
  intrahash = {e3b3dc5a68df87d71becbe75709a7121},
  keywords = {dynamic\_modelling},
  mendeley-tags = {dynamic\_modelling},
  publisher = {Westview Press},
  timestamp = {2010-07-23T07:15:06.000+0200},
  title = {{Nonlinear Dynamics and Chaos: With Applications to Physics, Biology,
	Chemistry and Engineering}},
  type = {Book},
  year = 2000
}