@article{Salsa2022PartialDE,
  title={Partial Differential Equations in Action},
  author={Sandro Salsa},
  journal={UNITEXT},
  year={2022},
  url={https://api.semanticscholar.org/CorpusID:124525275}
}

@inproceedings{Drbek2007ElementsOP,
  title={Elements of Partial Differential Equations},
  author={Pavel Dr{\'a}bek and Gabriela Holubov{\'a}},
  year={2007},
  url={https://api.semanticscholar.org/CorpusID:118449101}
}
